@article{han2013estimating,
  title={Estimating gene gain and loss rates in the presence of error in genome assembly and annotation using CAFE 3},
  author={Han, Mira V and Thomas, Gregg WC and Lugo-Martinez, Jose and Hahn, Matthew W},
  journal={Molecular biology and evolution},
  volume={30},
  number={8},
  pages={1987--1997},
  year={2013},
  publisher={Oxford University Press}
}
@article{hahn2007accelerated,
  title={Accelerated rate of gene gain and loss in primates},
  author={Hahn, Matthew W and Demuth, Jeffery P and Han, Sang-Gook},
  journal={Genetics},
  year={2007},
  publisher={Genetics Soc America}
}
@article{hahn2005estimating,
  title={Estimating the tempo and mode of gene family evolution from comparative genomic data},
  author={Hahn, Matthew W and De Bie, Tijl and Stajich, Jason E and Nguyen, Chi and Cristianini, Nello},
  journal={Genome research},
  volume={15},
  number={8},
  pages={1153--1160},
  year={2005},
  publisher={Cold Spring Harbor Lab}
}